@misc{SecureProgramming,
  author = "David A. Wheeler",
  title = "Secure Programming for Linux and Unix HOWTO",
  howpublished = "\url{http://www.tldp.org/HOWTO/Secure-Programs-HOWTO/trusted-path.html}",
  year = "2003", 
  note = "[Online; accessed 29-August-2014]"
}

@book{LinuxSecurity,
    author    = "Bob Toxen",
    title     = "Real World Linux Security: Intrusion Prevention, Detection, and Recovery",
    year      = "2002",
    publisher = "Pearson Education, Inc"
}

